@inproceedings{Sainath2015ConvolutionalNN,
  title={Convolutional neural networks for small-footprint keyword spotting},
  author={T. Sainath and Carolina Parada},
  booktitle={INTERSPEECH},
  year={2015}
}


@INPROCEEDINGS{chen2014dnns,  author={Chen, Guoguo and Parada, Carolina and Heigold, Georg},  booktitle={2014 IEEE International Conference on Acoustics, Speech and Signal Processing (ICASSP)},   title={Small-footprint keyword spotting using deep neural networks},   year={2014},  volume={},  number={},  pages={4087-4091}}